@article{rlpn,
  title={Robust fluid processing networks},
  author={Dimitris Bertsimas and Ioannis Ch. Paschalidis},
}


@article{qdrl,
  title={Queueing Network Controls via Deep Reinforcement Learning},
  author={J. G. Dai and Mark Gluzman},
}